@book{NLA,
    author={James E. Gentle},
    title={Numerical Linear Algebra for Applications in Statistics},
    year={1998},
    publisher={Springer Science and Business Media},
    address={New York}
}

@book{NME,
    author={Seffen B{\"o}rm and Christian Mehl},
    title={Numerical Methods for Eigenvalue Problems},
    year={2012},
    publisher={Walter de Gruyter GmbH \& Co.KG},
    address={Berlin/Boston}

}

@book{MVA,
    author={Wolfgang K. H{\"a}rdle and L{\'e}opold Simar},
    title={Applied Multivariate Statistical Analysis},
    year={2015},
    publisher={Springer-Verlag Gmbh},
    address={Berlin, Heidelberg}
}

@Article{matplotlib,
  Author    = {Hunter, J. D.},
  Title     = {Matplotlib: A 2D graphics environment},
  Journal   = {Computing In Science \& Engineering},
  Volume    = {9},
  Number    = {3},
  Pages     = {90--95},
  abstract  = {Matplotlib is a 2D graphics package used for Python
  for application development, interactive scripting, and
  publication-quality image generation across user
  interfaces and operating systems.},
  publisher = {IEEE COMPUTER SOC},
  doi       = {10.1109/MCSE.2007.55},
  year      = 2007
}

@InProceedings{scipy,
  author    = {Wes McKinney},
  title     = {Data Structures for Statistical Computing in Python},
  booktitle = {Proceedings of the 9th Python in Science Conference},
  pages     = {51 - 56},
  year      = {2010},
  editor    = {St\'efan van der Walt and Jarrod Millman}
}

@Techreport{python,
  title= {Python tutorial},
  author = {G. van Rossum},
  number={CS-R9526},
  institution= {Centrum voor Wiskunde en Informatica (CWI)},
  year= {1995},
  address={Amsterdam},
  month={May}
}

@book{lapack,
      author = {Anderson, E. and Bai, Z. and Bischof, C. and
                Blackford, S. and Demmel, J. and Dongarra, J. and
                Du Croz, J. and Greenbaum, A. and Hammarling, S. and
                McKenney, A. and Sorensen, D.},
      title = {{LAPACK} Users' Guide},
      edition = {Third},
      publisher = {Society for Industrial and Applied Mathematics},
      year = {1999},
      address = {Philadelphia, PA}
}

@book{duda,
 author = {Duda, Richard O. and Hart, Peter E. and Stork, David G.},
 title = {Pattern Classification (2Nd Edition)},
 year = {2000},
 isbn = {0471056693},
 publisher = {Wiley-Interscience},
 address = {New York, NY, USA},
} 